@ARTICLE{2014arXiv1412.6572G,
   author = {{Goodfellow}, I.~J. and {Shlens}, J. and {Szegedy}, C.},
    title = "{Explaining and Harnessing Adversarial Examples}",
  journal = {ArXiv e-prints},
archivePrefix = "arXiv",
   eprint = {1412.6572},
 primaryClass = "stat.ML",
 keywords = {Statistics - Machine Learning, Computer Science - Learning},
     year = 2014,
    month = dec,
   adsurl = {http://adsabs.harvard.edu/abs/2014arXiv1412.6572G},
  adsnote = {Provided by the SAO/NASA Astrophysics Data System}
}


@ARTICLE{athalye2018,
   author = {{Athalye}, A. and {Carlini}, N. and {Wagner}, D.},
    title = "{Obfuscated Gradients Give a False Sense of Security: Circumventing Defenses to Adversarial Examples}",
  journal = {ArXiv e-prints},
archivePrefix = "arXiv",
   eprint = {1802.00420},
 primaryClass = "cs.LG",
 keywords = {Computer Science - Learning, Computer Science - Artificial Intelligence, Computer Science - Cryptography and Security},
     year = 2018,
    month = feb,
   adsurl = {http://adsabs.harvard.edu/abs/2018arXiv180200420A},
  adsnote = {Provided by the SAO/NASA Astrophysics Data System}
}

@ARTICLE{ilyas2017,
   author = {{Ilyas}, A. and {Jalal}, A. and {Asteri}, E. and {Daskalakis}, C. and 
	{Dimakis}, A.~G.},
    title = "{The Robust Manifold Defense: Adversarial Training using Generative Models}",
  journal = {ArXiv e-prints},
archivePrefix = "arXiv",
   eprint = {1712.09196},
 primaryClass = "cs.CV",
 keywords = {Computer Science - Computer Vision and Pattern Recognition, Computer Science - Cryptography and Security, Computer Science - Learning, Statistics - Machine Learning},
     year = 2017,
    month = dec,
   adsurl = {http://adsabs.harvard.edu/abs/2017arXiv171209196I},
  adsnote = {Provided by the SAO/NASA Astrophysics Data System}
}

@ARTICLE{pixel,
   author = {{Song}, Y. and {Kim}, T. and {Nowozin}, S. and {Ermon}, S. and 
	{Kushman}, N.},
    title = "{PixelDefend: Leveraging Generative Models to Understand and Defend against Adversarial Examples}",
  journal = {ArXiv e-prints},
archivePrefix = "arXiv",
   eprint = {1710.10766},
 primaryClass = "cs.LG",
 keywords = {Computer Science - Learning},
     year = 2017,
    month = oct,
   adsurl = {http://adsabs.harvard.edu/abs/2017arXiv171010766S},
  adsnote = {Provided by the SAO/NASA Astrophysics Data System}
}

@ARTICLE{madry,
   author = {{Madry}, A. and {Makelov}, A. and {Schmidt}, L. and {Tsipras}, D. and 
	{Vladu}, A.},
    title = "{Towards Deep Learning Models Resistant to Adversarial Attacks}",
  journal = {ArXiv e-prints},
archivePrefix = "arXiv",
   eprint = {1706.06083},
 primaryClass = "stat.ML",
 keywords = {Statistics - Machine Learning, Computer Science - Learning, Computer Science - Neural and Evolutionary Computing},
     year = 2017,
    month = jun,
   adsurl = {http://adsabs.harvard.edu/abs/2017arXiv170606083M},
  adsnote = {Provided by the SAO/NASA Astrophysics Data System}
}

@ARTICLE{papernot2017,
   author = {{Papernot}, N. and {McDaniel}, P. and {Goodfellow}, I. and {Jha}, S. and 
	{Berkay Celik}, Z. and {Swami}, A.},
    title = "{Practical Black-Box Attacks against Machine Learning}",
  journal = {ArXiv e-prints},
archivePrefix = "arXiv",
   eprint = {1602.02697},
 primaryClass = "cs.CR",
 keywords = {Computer Science - Cryptography and Security, Computer Science - Learning},
     year = 2016,
    month = feb,
   adsurl = {http://adsabs.harvard.edu/abs/2016arXiv160202697P},
  adsnote = {Provided by the SAO/NASA Astrophysics Data System}
}

@ARTICLE{carliniwagner2017detect,
   author = {{Carlini}, N. and {Wagner}, D.},
    title = "{Adversarial Examples Are Not Easily Detected: Bypassing Ten Detection Methods}",
  journal = {ArXiv e-prints},
archivePrefix = "arXiv",
   eprint = {1705.07263},
 primaryClass = "cs.LG",
 keywords = {Computer Science - Learning, Computer Science - Cryptography and Security, Computer Science - Computer Vision and Pattern Recognition},
     year = 2017,
    month = may,
   adsurl = {http://adsabs.harvard.edu/abs/2017arXiv170507263C},
  adsnote = {Provided by the SAO/NASA Astrophysics Data System}
}

@BOOK{foundations, 
author = {Blum, Avrim, John Hopcroft, and Ravindran Kannan.},
title = "{Foundations of Data Science}"}
